@COMMENT{For ML chapter}

@book{modernapproach,
	author = {"Crina Grosan", "Ajith Abraham"}, 
	title = {Inteligent Systems - A Modern Approach},
	publisher = {Springer},
	year = {2011}
}

@book{new-advances-ml,
	title = {New Advances in Machine Learning},
	author = {Yagang Zhang}, 
	issn = {978-953-307-034-6}, 
	publisher = {InTech},
	year = {2010}
}

@COMMENT{For Neural Network chapter}

@misc{toulouse-nn,
	url = {https://www.math.univ-toulouse.fr/\~besse/Wikistat/pdf/st-m-hdstat-rnn-deep-learning.pdf},
	title = {Neural Networks and Introduction to Deep Learning}
}

@misc{backpropagation,
	url = {https://pdfs.semanticscholar.org/4d3f/050801bd76ef10855ce115c31b301a83b405.pdf},
	title = {Theory of Backpropagation Neural Network},
	author = {"Robert Hecht-Nielsen"},
	year = {1992}
}

@misc{brilliant:backpropagation,
	url = {https://brilliant.org/wiki/backpropagation/}
}

@article{resnet,
	title = {sum dumb name dunno needs reformatting},
	url = {https://arxiv.org/pdf/1512.03385.pdf},
}

@COMMENT{For word embedding chapter}

@article{word2vec,
	title = {word2vec sumthing},
	url = {https://arxiv.org/pdf/1301.3781.pdf},
}

